
@misc{noauthor_individuals_nodate,
	title = {Individuals using the {Internet} (\% of population) {\textbar} {Data}},
	url = {https://data.worldbank.org/indicator/IT.NET.USER.ZS},
	urldate = {2021-01-11},
	note = {https://data.worldbank.org/indicator/IT.NET.USER.ZS}
}

@misc{noauthor_disinformation_nodate,
	title = {disinformation noun - {Definition}, pictures, pronunciation and usage notes {\textbar} {Oxford} {Advanced} {Learner}'s {Dictionary} at {OxfordLearnersDictionaries}.com},
	url = {https://www.oxfordlearnersdictionaries.com/definition/english/disinformation},
	urldate = {2021-01-11},
	note = {https://www.oxfordlearnersdictionaries.com/definition/english/disinformation}
}
